%% BEGIN EXAMPLES %%

% Book
@book{CraftingACompiler,
	Author = {Charles N. Fisher and Ron K. Cytron and Richard J. LeBlanc, Jr.},
	Publisher = {Addison-Wesley},
	Title = {Crafting a Compiler},
	Year = {2010}}

%Website without title or publisher
@misc{PureBasic,
	Author = {PureBasic},
	Howpublished = {\url{http://www.purebasic.com}},
	Note = {Visited 20/5/2013}}

%Website with title and publisher
@misc{howstuffworkscruisecontrolex,
	Author = {Karim Nice},
	Title = {\textit{How Cruise Control Systems Work}},
	Howpublished = {\url{http://auto.howstuffworks.com/cruise-control.htm}},
	Note = {HowStuffWorks. Visited 17/9/2013}}

%% END EXAMPLES %%

@techreport{launcher2011,
	Author = {Nikolaj Andersen and Anders Frandsen and Rune Jensen and Michael Lisby},
	Title = {\textit{Android Application Management System for Children with Disabilities}},
	Institution = {Aalborg University},
	Year = {2011}}

@techreport{launcher2012,
	Author = {Kasper MÃ¸ller Andersen and Magnus Stubman Reichenauer and Rasmus Steiniche and Thomas Kobber Panum},
	Title = {\textit{Launcher - Part of the GIRAF Platform}},
	Institution = {Aalborg University},
	Year = {2012}}
